<record><leader>00000cas a22000007a 4500</leader><controlfield tag="001">11123597</controlfield><controlfield tag="008">840906d18181820nyuwr ne      0    0eng d</controlfield><datafield ind1=" " ind2=" " tag="010"><subfield code="a">sn 84024305 </subfield></datafield><datafield ind1=" " ind2=" " tag="040"><subfield code="a">NPV</subfield><subfield code="b">eng</subfield><subfield code="c">NPV</subfield><subfield code="d">NPA</subfield><subfield code="d">NPX</subfield><subfield code="d">NYS</subfield><subfield code="d">OCL</subfield><subfield code="d">NYS</subfield><subfield code="d">OCL</subfield><subfield code="d">OCLCG</subfield><subfield code="d">OCLCQ</subfield><subfield code="d">OCLCF</subfield><subfield code="d">OCLCO</subfield></datafield><datafield ind1=" " ind2=" " tag="019"><subfield code="a">22947458</subfield></datafield><datafield ind1=" " ind2=" " tag="042"><subfield code="a">msc</subfield></datafield><datafield ind1=" " ind2=" " tag="043"><subfield code="a">n-us-ny</subfield></datafield><datafield ind1="0" ind2="0" tag="245"><subfield code="a">Sacket's-Harbor gazette &amp; advertiser.</subfield></datafield><datafield ind1="1" ind2="3" tag="246"><subfield code="a">Sacket's-Harbor gazette and advertiser</subfield></datafield><datafield ind1="3" ind2="0" tag="246"><subfield code="a">Sacketts-Harbor gazette</subfield></datafield><datafield ind1=" " ind2=" " tag="260"><subfield code="a">Sacket's-Harbor, N.Y. :</subfield><subfield code="b">George Camp</subfield></datafield><datafield ind1=" " ind2=" " tag="300"><subfield code="a">v. :</subfield><subfield code="b">ill. (chiefly advertisements) ;</subfield><subfield code="c">49 cm.</subfield></datafield><datafield ind1=" " ind2=" " tag="310"><subfield code="a">Weekly</subfield></datafield><datafield ind1="1" ind2=" " tag="362"><subfield code="a">Began with Mar. 17, 1818 issue; ceased in 1820.</subfield><subfield code="z">Cf. Brigham, C.S. Amer. newspapers.</subfield></datafield><datafield ind1=" " ind2=" " tag="500"><subfield code="a">Published as: Sacketts-Harbor gazette, &lt;Oct. 8, 1818&gt;.</subfield></datafield><datafield ind1="4" ind2=" " tag="510"><subfield code="a">Brigham, C.S. Amer. newspapers,</subfield><subfield code="c">p. 729</subfield></datafield><datafield ind1=" " ind2=" " tag="515"><subfield code="a">Issue for Oct. 8, 1818 is not numbered.</subfield></datafield><datafield ind1=" " ind2=" " tag="588"><subfield code="a">Description based on: Vol. 2, no. 13 (June 9, 1818).</subfield></datafield><datafield ind1=" " ind2="0" tag="651"><subfield code="a">Sackets Harbor (N.Y.)</subfield><subfield code="v">Newspapers.</subfield></datafield><datafield ind1=" " ind2="0" tag="651"><subfield code="a">Jefferson County (N.Y.)</subfield><subfield code="v">Newspapers.</subfield></datafield><datafield ind1=" " ind2="7" tag="655"><subfield code="a">Newspapers.</subfield><subfield code="2">fast</subfield><subfield code="0">(OCoLC)fst01423814</subfield></datafield><datafield ind1=" " ind2="7" tag="651"><subfield code="a">New York (State)</subfield><subfield code="z">Jefferson County.</subfield><subfield code="2">fast</subfield><subfield code="0">(OCoLC)fst01209430</subfield></datafield><datafield ind1=" " ind2="7" tag="651"><subfield code="a">New York (State)</subfield><subfield code="z">Sackets Harbor.</subfield><subfield code="2">fast</subfield><subfield code="0">(OCoLC)fst01225881</subfield></datafield><datafield ind1="1" ind2=" " tag="700"><subfield code="a">Camp, George,</subfield><subfield code="d">1790-1850.</subfield></datafield><datafield ind1=" " ind2=" " tag="752"><subfield code="a">United States</subfield><subfield code="b">New York</subfield><subfield code="c">Jefferson</subfield><subfield code="d">Sackets Harbor.</subfield></datafield><datafield ind1="0" ind2="0" tag="780"><subfield code="t">Sacketts-Harbor gazette (Sackets Harbor, N.Y. : 1817)</subfield></datafield><datafield ind1="0" ind2="0" tag="785"><subfield code="t">Sacket's-Harbor gazette (Sackets Harbor, N.Y. : 1820)</subfield><subfield code="w">(DLC)sn 85027078</subfield><subfield code="w">(OCoLC)12953230</subfield></datafield></record>